% This file was created with JabRef 2.10.
% Encoding: ISO8859_1


@Article{bout-scha-aert-verm1996,
  Title                    = {Monitoring and modelling canopy water storage amounts in support of atmospheric deposition studies},
  Author                   = {Willem Bouten and Marcel G. Schaap and Jeroen Aerts and Aart W. M. Vermetten},
  Journal                  = {Journal of Hydrology},
  Year                     = {1996},
  Pages                    = {305--321},
  Volume                   = {181},

  Owner                    = {jhspaaks},
  Timestamp                = {2011.06.20}
}

@Article{boyl-gupt-soro2000,
  Title                    = {Toward improved calibration of hydrologic models: Combining the strengths of manual and automatic methods},
  Author                   = {Douglas P Boyle and Hoshin V. Gupta and Soroosh Sorooshian},
  Journal                  = {Water Resources Research},
  Year                     = {2000},
  Number                   = {12},
  Pages                    = {3663--3674},
  Volume                   = {36},

  Timestamp                = {2011.03.08}
}

@Article{bran-tayl1998,
  Title                    = {The \textup{S}imple \textup{E}conomics of \textup{E}aster \textup{I}sland: A \textup{R}icardo-\textup{M}althus \textup{M}odel of \textup{R}enewable \textup{R}esource \textup{U}se},
  Author                   = {James A. Brander and M. Scott Taylor},
  Journal                  = {The American Economic Review},
  Year                     = {1998},
  Number                   = {1},
  Pages                    = {119--138},
  Volume                   = {88},

  Owner                    = {jhspaaks},
  Timestamp                = {2011.06.20},
  Url                      = {http://www.jstor.org/stable/116821}
}

@Article{duan-gupt-soro1992,
  Title                    = {Effective and efficient global optimization for conceptual rainfall-runoff models},
  Author                   = {Q Duan and V K Gupta and S Sorooshian},
  Journal                  = {Water Resources Research},
  Year                     = {1992},
  Number                   = {4},
  Pages                    = {1015-1031},
  Volume                   = {28},

  Timestamp                = {2009.04.08}
}

@Article{gupt-soro-yapo1998,
  Title                    = {Toward improved calibration of hydrologic models: Multiple and noncommensurable measures of information},
  Author                   = {Hoshin V Gupta and Soroosh Sorooshian and P O Yapo},
  Journal                  = {Water Resources Research},
  Year                     = {1998},
  Number                   = {4},
  Pages                    = {751--763},
  Volume                   = {34},

  Timestamp                = {2009.05.25}
}

@Article{neld-mead1965,
  Title                    = {A simplex method for function minimization},
  Author                   = {J A Nelder and R Mead},
  Journal                  = {The Computer Journal},
  Year                     = {1965},
  Number                   = {4},
  Pages                    = {308-313},
  Volume                   = {7},

  Timestamp                = {2009.04.08}
}

@Article{stor-pric1997,
  Title                    = {\textup{D}ifferential \textup{E}volution -- \textup{A} \textup{S}imple and \textup{E}fficient \textup{H}euristic for \textup{G}lobal \textup{O}ptimization over \textup{C}ontinuous \textup{S}paces},
  Author                   = {Rainer Storn and Kenneth Price},
  Journal                  = {Journal of Global Optimization},
  Year                     = {1997},
  Pages                    = {341--359},
  Volume                   = {11},

  Owner                    = {jhspaaks},
  Timestamp                = {2011.06.20}
}

@Article{vrug-terb-diks-robi-hyma-higd2009,
  Title                    = {\textup{A}ccelerating \textup{M}arkov \textup{C}hain \textup{M}onte \textup{C}arlo \textup{S}imulation by \textup{D}ifferential \textup{E}volution with \textup{S}elf-\textup{A}daptive \textup{R}andomized \textup{S}ubspace

\textup{S}ampling},
  Author                   = {Jasper A. Vrugt and C.J.F. ter Braak and C.G.H. Diks and Bruce A. Robinson and James M. Hyman and Dave Higdon},
  Journal                  = {International Journal of Nonlinear Sciences \& Numerical Simulation},
  Year                     = {2009},
  Number                   = {3},
  Pages                    = {271--288},
  Volume                   = {10},

  Owner                    = {jhspaaks},
  Timestamp                = {2011.06.20}
}

